%
%  =======================================================================
%  ····Y88b···d88P················888b·····d888·d8b·······················
%  ·····Y88b·d88P·················8888b···d8888·Y8P·······················
%  ······Y88o88P··················88888b·d88888···························
%  ·······Y888P··8888b···88888b···888Y88888P888·888·88888b·····d88b·······
%  ········888······"88b·888·"88b·888·Y888P·888·888·888·"88b·d88P"88b·····
%  ········888···d888888·888··888·888··Y8P··888·888·888··888·888··888·····
%  ········888··888··888·888··888·888···"···888·888·888··888·Y88b·888·····
%  ········888··"Y888888·888··888·888·······888·888·888··888··"Y88888·····
%  ·······························································888·····
%  ··························································Y8b·d88P·····
%  ···························································"Y88P"······
%  =======================================================================
% 
%  -----------------------------------------------------------------------
% Author       : 焱铭
% Date         : 2024-02-29 17:56:31 +0800
% LastEditTime : 2024-02-29 18:11:16 +0800
% Github       : https://github.com/YanMing-lxb/
% FilePath     : /PyTeXMK/tests/biblatex-test.bib
% Description  : 
%  -----------------------------------------------------------------------
%

@article{lamport1986latex,
  author = {Lamport, Leslie},
  title = {LaTeX: A document preparation system},
  year = {1986},
  journal = {Addison-wesley}
}

@book{knuth1986texbook,
  author = {Knuth, Donald E},
  title = {The \TeX book},
  year = {1986},
  publisher = {Addison-Wesley}
}

@book{latexcompanion,
  author    = {Michel Goossens and Frank Mittelbach and Alexander Samarin},
  title     = {The LaTeX Companion},
  year      = {1994},
  publisher = {Addison-Wesley},
  address   = {Reading, Massachusetts}
}

@inproceedings{article1,
  author    = {John Doe and Jane Smith},
  title     = {An Interesting Paper on Some Topic},
  booktitle = {Proceedings of the International Conference on Something},
  year      = {2023},
  pages     = {123--130},
  address   = {New York},
  publisher = {ACM Press}
}

@phdthesis{phdthesis1,
  author    = {Alice Johnson},
  title     = {A Study on Advanced Topics in Computer Science},
  school    = {University of Somewhere},
  year      = {2022},
  address   = {Somewhere City},
  month     = {January}
}

@techreport{techreport1,
  author    = {Bob Lee},
  title     = {A Technical Report on Experimental Results},
  institution = {Institute for Advanced Research},
  year      = {2021},
  number    = {TR-2021-001}
}

@online{website1,
  author    = {Jane Doe},
  title     = {Some Useful Website},
  url       = {https://www.example.com},
  year      = {2023},
  note      = {Accessed: 2023-10-01}
}