%
%  =======================================================================
%  ····Y88b···d88P················888b·····d888·d8b·······················
%  ·····Y88b·d88P·················8888b···d8888·Y8P·······················
%  ······Y88o88P··················88888b·d88888···························
%  ·······Y888P··8888b···88888b···888Y88888P888·888·88888b·····d88b·······
%  ········888······"88b·888·"88b·888·Y888P·888·888·888·"88b·d88P"88b·····
%  ········888···d888888·888··888·888··Y8P··888·888·888··888·888··888·····
%  ········888··888··888·888··888·888···"···888·888·888··888·Y88b·888·····
%  ········888··"Y888888·888··888·888·······888·888·888··888··"Y88888·····
%  ·······························································888·····
%  ··························································Y8b·d88P·····
%  ···························································"Y88P"······
%  =======================================================================
% 
%  -----------------------------------------------------------------------
% Author       : 焱铭
% Date         : 2024-02-29 17:56:31 +0800
% LastEditTime : 2024-02-29 18:11:16 +0800
% Github       : https://github.com/YanMing-lxb/
% FilePath     : /PyTeXMK/tests/biblatex-test.bib
% Description  : 
%  -----------------------------------------------------------------------
%

@article{lamport1986latex,
  author = {Lamport, Leslie},
  title = {LaTeX: A document preparation system},
  year = {1986},
  journal = {Addison-wesley}
}

@book{knuth1986texbook,
  author = {Knuth, Donald E},
  title = {The \TeX book},
  year = {1986},
  publisher = {Addison-Wesley}
}
